
<record>
  <controlfield tag="001">473411</controlfield>
  <datafield tag="024" ind1="7" ind2=" ">
    <subfield code="a">10.1016/S0370-2693(98)00850-8</subfield>
    <subfield code="2">DOI</subfield>
  </datafield>
  <datafield tag="035" ind1=" " ind2=" ">
    <subfield code="z">D98-15908</subfield>
    <subfield code="9">DESY</subfield>
  </datafield>
  <datafield tag="035" ind1=" " ind2=" ">
    <subfield code="a">Barate:1998vs</subfield>
    <subfield code="9">SPIRESTeX</subfield>
  </datafield>
  <datafield tag="035" ind1=" " ind2=" ">
    <subfield code="a">359635</subfield>
    <subfield code="9">CDS</subfield>
  </datafield>
  <datafield tag="035" ind1=" " ind2=" ">
    <subfield code="9">ADS</subfield>
    <subfield code="a">1998PhLB..434..437A</subfield>
  </datafield>
  <datafield tag="037" ind1=" " ind2=" ">
    <subfield code="a">CERN-EP-98-103</subfield>
  </datafield>
  <datafield tag="245" ind1=" " ind2=" ">
    <subfield code="a">A Measurement of the gluon splitting rate into b anti-b pairs in hadronic Z decays</subfield>
  </datafield>
  <datafield tag="710" ind1=" " ind2=" ">
    <subfield code="g">ALEPH</subfield>
  </datafield>
</record>